@BOOK{Tanenbaum,
	language =     {russian},
	AUTHOR =       {Э. Таненбаум and М. ван Стеен},
	TITLE =        {Распределённые системы. Принципы и парадигмы},
	PUBLISHER =    {Питер},
	YEAR =         2003,
	address =      {СПб},
	numpages =     887,
	isbn =         {5-272-00053-6},
}

@BOOK{Kleppman,
	language =     {russian},
	AUTHOR =       {М. Клеппман},
	TITLE =        {Высоконагруженные приложения. Программирование, масштабирование, поддержка},
	PUBLISHER =    {Питер},
	YEAR =         2018,
	address =      {СПб},
	numpages =     640,
	isbn =         {978-5-4461-0512-0},
}

@BOOK{Gorelick,
	language =     {english},
	AUTHOR =       {Ian Ozsvald and Micha Gorelick},
	TITLE =        {High Performance Python},
	PUBLISHER =    {O'Reilly Media, Inc.},
	YEAR =         2014,
	numpages =     358,
	isbn =         {9781449361747},
}

@article{Kosyakov,
	language =     {russian},
	AUTHOR =       {М. С. Косяков},
	TITLE =        {Введение в распределенные вычисления},
	PUBLISHER =    {НИУ ИТМО},
	YEAR =         2014,
	address =      {СПб},
	numpages =     155,
	url = {https://books.ifmo.ru/file/pdf/1551.pdf},
	urldate = {2018-02-13},
}

@incollection{bts,
	author = {Bessani, A. N. and da Silva Fraga, J. and Lung, L. C.},
	title = {BTS: A Byzantine fault-tolerant tuple space},
	booktitle = {Proceedings of the 2006 ACM symposium on Applied computing},
	year = {2006},
	language = {English},
	publisher = {ACM},
	location = {Dijon, France},
	isbn = {1-59593-108-2},
	doi = {10.1145/1141277.1141377},
	pages = {429-433},
}

@ONLINE{byzgen,
	subtitle = {Byzantine fault tolerance},
	title = {Wikipedia, the free encyclopedia},
	language = {english},
	url = {https://en.wikipedia.org/wiki/Byzantine_fault_tolerance},
	urldate = {2018-04-16},
}

@ONLINE{socket,
	subtitle = {socket — Low-level networking interface},
	title = {Python 3.6.5 documentation},
	language = {english},
	url = {https://docs.python.org/3/library/socket.html},
	urldate = {2018-04-15},
}

@ONLINE{pickle,
	subtitle = {pickle — Python object serialization},
	title = {Python 3.6.5 documentation},
	language = {english},
	url = {https://docs.python.org/3/library/pickle.html},
	urldate = {2018-04-15},
}

@ONLINE{json,
	subtitle = {json — JSON encoder and decoder},
	title = {Python 3.6.5 documentation},
	language = {english},
	url = {https://docs.python.org/3/library/json.html?highlight=json},
	urldate = {2018-04-15},
}

@ONLINE{subprocess,
	subtitle = {subprocess — Subprocess management},
	title = {Python 3.6.5 documentation},
	language = {english},
	url = {https://docs.python.org/3/library/subprocess.html},
	urldate = {2018-03-01},
}

@ONLINE{concurrent,
	subtitle = {concurrent.futures — Launching parallel tasks},
	title = {Python 3.6.5 documentation},
	language = {english},
	url = {https://docs.python.org/3/library/concurrent.futures.html},
	urldate = {2018-03-04},
}

@ONLINE{collections,
	subtitle = {collections — Container datatypes},
	title = {Python 3.6.5 documentation},
	language = {english},
	url = {https://docs.python.org/3/library/collections.html},
	urldate = {2018-03-20},
}

@ONLINE{itertools,
	subtitle = {itertools — Functions creating iterators for efficient looping},
	title = {Python 3.6.5 documentation},
	language = {english},
	url = {https://docs.python.org/3/library/itertools.html?highlight=itertools},
	urldate = {2018-03-20},
}

@ONLINE{logging,
	subtitle = {logging — Logging facility for Python},
	title = {Python 3.6.5 documentation},
	language = {english},
	url = {https://docs.python.org/3/library/logging.html},
	urldate = {2018-04-10},
}

@ONLINE{argparse,
	subtitle = {argparse — Parser for command-line options, arguments and sub-commands},
	title = {Python 3.6.5 documentation},
	language = {english},
	url = {https://docs.python.org/3/library/argparse.html},
	urldate = {2018-03-19},
}

@ONLINE{set,
	title = {Про Python - Справочник - sets (множества)},
	language = {russian},
	url = {http://pythonz.net/references/named/sets/},
	urldate = {2018-03-19},
}

@ONLINE{tuplespace,
	subtitle = {Tuple space},
	title = {Wikipedia, the free encyclopedia},
	language = {english},
	hyphenation = {english},
	url = {https://en.wikipedia.org/wiki/Tuple_space},
	urldate = {2018-04-16},
}

@ONLINE{linda,
	subtitle = {Linda (coordination language)},
	title = {Wikipedia, the free encyclopedia},
	language = {english},
	hyphenation = {english},
	url = {https://ru.wikipedia.org/wiki/Linda},
	urldate = {2017-11-16},
}

@BOOK{Voevodin,
	language =     {russian},
	AUTHOR =       {В. В. Воеводин and Вл. В. Воеводин},
	TITLE =        {Параллельные вычисления},
	PUBLISHER =    {БХВ-Петербург},
	YEAR =         2002,
	address =      {СПб},
	numpages =     608,
	isbn =         {5-94157-160-7},
}

@ONLINE{docs,
	title = {The Python Standard Library},
	language = {english},
	hyphenation = {english},
	url = {https://docs.python.org/3.5/library/index.html},
	urldate = {2018-01-20},
}

@ONLINE{threadpool,
	title = {Эффективная многопоточность в Python},
	author = {Карпинский, Александр},
	language = {russian},
	hyphenation = {russian},
	url = {https://habrahabr.ru/post/229767},
	urldate = {2018-02-18},
}

@ONLINE{paxos,
	title = {Консенсус в распределенных системах. Paxos},
	language = {russian},
	hyphenation = {russian},
	url = {https://habr.com/post/222825/},
	urldate = {2018-03-12},
}

@ONLINE{paxos2,
	subtitle = {Paxos (computer science)},
	title = {Wikipedia, the free encyclopedia},
	language = {english},
	hyphenation = {english},
	url = {https://en.wikipedia.org/wiki/Paxos_(computer_science)},
	urldate = {2018-03-12},
}

@incollection{Lamport,
	author = { Lamport, Leslie},
	title = {Paxos Made Simple},
	booktitle = {ACM SIGACT News (Distributed Computing Column)},
	month = {11},
	year = {2001},
	language = {English},
	publisher = {ACM},
	pages = {51-58},
	volumes = {32},
	series = {4},
}

@ONLINE{mybts,
	title = {GitHub - verastrass/BTS: Byzantine Tuple Space},
	language = {english},
	hyphenation = {english},
	url = {https://github.com/verastrass/BTS},
	urldate = {2018-06-01},
}





@ARTICLE{BrPi2005,
    author = {Брагилевский, Виталий Николаевич and Пилиди, Владимир Ставрович},
    title = {Аналог теоремы И. Б. Симоненко об огибающем операторе для операторов в пространствах векторнозначных функций},
    year = {2005},
    pages = {3-8},
    number = {4},
    journal = {Изв. вузов. Сев.-Кав. регион. Естеств. науки.} 
}

@MVBOOK{Lvo2003,
    author = {Львовский, Сергей Михайлович},
    title = {Набор и вёрстка в системе \LaTeX},
    year = {2006}, 
    language = {russian},
    publisher = {МЦНМО},
    location = {М.},
    hyphenation = {russian},
    url = {http://www.mccme.ru/free-books/llang/newllang.pdf}
}

@MVBOOK{TanAus2013,
    author = {Таненбаум, Эндрю and Остин, Тодд},
    title = {Архитектура компьютера},
    edition = {6-е изд},
    year = {2013}, 
    language = {russian},
    publisher = {Питер},
    location = {СПб.},
    hyphenation = {russian}
}

@ONLINE{mmcs,
    title = {Сайт Мехмата ЮФУ},
    language = {russian},
    hyphenation = {russian},
    url = {http://mmcs.sfedu.ru},
    urldate = {2015-01-01},
}
